@book{cormen2009introduction,
  title={Introduction to algorithms},
  author={Cormen, Thomas H},
  year={2009},
  publisher={MIT press}
}

@article{martin1971sorting,
  title={Sorting},
  author={Martin, William A.},
  journal={ACM Computing Surveys (CSUR)},
  volume={3},
  number={4},
  pages={147--174},
  year={1971},
  publisher={ACM}
}

@inproceedings{roy2013energy,
  title={An energy complexity model for algorithms},
  author={Roy, Swapnoneel and Rudra, Atri and Verma, Akshat},
  booktitle={Proceedings of the 4th conference on Innovations in Theoretical Computer Science},
  pages={283--304},
  year={2013},
  organization={ACM}
}

@article{hoare1961algorithm,
  title={Algorithm 64: quicksort},
  author={Hoare, Charles Antony Richard},
  journal={Communications of the ACM},
  volume={4},
  number={7},
  pages={321},
  year={1961},
  publisher={ACM}
}